
    <zs:record>
      <zs:recordSchema/>
      <zs:recordPacking>xml</zs:recordPacking>
      <zs:recordData>
        <record xmlns="http://www.loc.gov/MARC21/slim">
          <leader>01509cam a2200349   4500</leader>
          <controlfield tag="001">4081352</controlfield>
          <controlfield tag="005">19910118161051.3</controlfield>
          <controlfield tag="008">730227s1971    enkabch  bs   001 0 eng  </controlfield>
          <datafield tag="035" ind1=" " ind2=" ">
            <subfield code="9">(DLC)   72172103</subfield>
          </datafield>
          <datafield tag="906" ind1=" " ind2=" ">
            <subfield code="a">7</subfield>
            <subfield code="b">cbc</subfield>
            <subfield code="c">orignew</subfield>
            <subfield code="d">3</subfield>
            <subfield code="e">ncip</subfield>
            <subfield code="f">19</subfield>
            <subfield code="g">y-gencatlg</subfield>
          </datafield>
          <datafield tag="010" ind1=" " ind2=" ">
            <subfield code="a">   72172103 </subfield>
          </datafield>
          <datafield tag="015" ind1=" " ind2=" ">
            <subfield code="a">B72-04269</subfield>
          </datafield>
          <datafield tag="020" ind1=" " ind2=" ">
            <subfield code="a">0901275085</subfield>
          </datafield>
          <datafield tag="040" ind1=" " ind2=" ">
            <subfield code="a">DLC</subfield>
            <subfield code="c">DLC</subfield>
            <subfield code="d">DLC</subfield>
          </datafield>
          <datafield tag="043" ind1=" " ind2=" ">
            <subfield code="a">e-uk-en</subfield>
          </datafield>
          <datafield tag="050" ind1="0" ind2="0">
            <subfield code="a">DA670.N69</subfield>
            <subfield code="b">N9 vol. 24</subfield>
            <subfield code="a">HD604</subfield>
          </datafield>
          <datafield tag="082" ind1="0" ind2="0">
            <subfield code="a">914.25/5/008 s</subfield>
            <subfield code="a">333.3/23/094255</subfield>
          </datafield>
          <datafield tag="100" ind1="1" ind2=" ">
            <subfield code="a">Eaton, Daniel,</subfield>
            <subfield code="d">1698?-1741.</subfield>
          </datafield>
          <datafield tag="245" ind1="0" ind2="4">
            <subfield code="a">The letters of Daniel Eaton to the third Earl of Cardigan, 1725-1732;</subfield>
            <subfield code="c">edited by Joan Wake and Deborah Champion Webster.</subfield>
          </datafield>
          <datafield tag="260" ind1=" " ind2=" ">
            <subfield code="a">[Northampton]</subfield>
            <subfield code="b">Northamptonshire Record Society,</subfield>
            <subfield code="c">1971.</subfield>
          </datafield>
          <datafield tag="300" ind1=" " ind2=" ">
            <subfield code="a">lvi, 186 p., 6 leaves (1 fold.).</subfield>
            <subfield code="b">1 illus., facsims., map, ports.</subfield>
            <subfield code="c">26 cm.</subfield>
          </datafield>
          <datafield tag="490" ind1="1" ind2=" ">
            <subfield code="a">Publications of the Northamptonshire Record Society,</subfield>
            <subfield code="v">v. 24</subfield>
          </datafield>
          <datafield tag="504" ind1=" " ind2=" ">
            <subfield code="a">Includes bibliographical references.</subfield>
          </datafield>
          <datafield tag="650" ind1=" " ind2="0">
            <subfield code="a">Administration of estates</subfield>
            <subfield code="z">England</subfield>
            <subfield code="z">Northamptonshire</subfield>
            <subfield code="x">History</subfield>
            <subfield code="y">18th century</subfield>
            <subfield code="x">Sources.</subfield>
          </datafield>
          <datafield tag="600" ind1="1" ind2="0">
            <subfield code="a">Cardigan, George Brundenell,</subfield>
            <subfield code="c">Earl of,</subfield>
            <subfield code="d">1685-1732</subfield>
            <subfield code="x">Correspondence.</subfield>
          </datafield>
          <datafield tag="600" ind1="1" ind2="0">
            <subfield code="a">Eaton, Daniel,</subfield>
            <subfield code="d">1698?-1741</subfield>
            <subfield code="x">Correspondence.</subfield>
          </datafield>
          <datafield tag="651" ind1=" " ind2="0">
            <subfield code="a">Northamptonshire (England)</subfield>
            <subfield code="x">History</subfield>
            <subfield code="x">Sources.</subfield>
          </datafield>
          <datafield tag="700" ind1="1" ind2=" ">
            <subfield code="a">Cardigan, George Brundenell,</subfield>
            <subfield code="c">Earl of,</subfield>
            <subfield code="d">1685-1732.</subfield>
          </datafield>
          <datafield tag="700" ind1="1" ind2=" ">
            <subfield code="a">Wake, Joan,</subfield>
            <subfield code="e">ed.</subfield>
          </datafield>
          <datafield tag="700" ind1="1" ind2=" ">
            <subfield code="a">Webster, Deborah Champion,</subfield>
            <subfield code="e">ed.</subfield>
          </datafield>
          <datafield tag="810" ind1="2" ind2=" ">
            <subfield code="a">Northamptonshire Record Society.</subfield>
            <subfield code="t">Publications,</subfield>
            <subfield code="v">v. 24.</subfield>
          </datafield>
          <datafield tag="991" ind1=" " ind2=" ">
            <subfield code="b">c-GenColl</subfield>
            <subfield code="h">DA670.N69</subfield>
            <subfield code="i">N9 vol. 24</subfield>
            <subfield code="t">Copy 1</subfield>
            <subfield code="w">BOOKS</subfield>
          </datafield>
        </record>
      </zs:recordData>
      <zs:recordPosition>2</zs:recordPosition>
    </zs:record>